<collection xmlns="http://www.loc.gov/MARC21/slim">
<record>
  <leader>01110nam0a22002531i 450 </leader>
  <controlfield tag="001">IT\ICCU\CNCE\046975</controlfield>
  <controlfield tag="005">19990215000000.0</controlfield>
  <datafield tag="012" ind1=" " ind2=" ">
    <subfield code="a">hee- la63 e-i- cono (3) 1597 (R)</subfield>
    <subfield code="2">fei</subfield>
  </datafield>
  <datafield tag="100" ind1=" " ind2=" ">
    <subfield code="a">19990208d1597        0itac0103    ba</subfield>
  </datafield>
  <datafield tag="101" ind1=" " ind2=" ">
    <subfield code="a">ITA</subfield>
  </datafield>
  <datafield tag="102" ind1=" " ind2=" ">
    <subfield code="a">IT</subfield>
  </datafield>
  <datafield tag="200" ind1="1" ind2=" ">
    <subfield code="a">Selva di varia lettione di Pietro Messia diuisa in cinque parti ... ampliata per Francesco Sansouino</subfield>
  </datafield>
  <datafield tag="205" ind1=" " ind2=" ">
    <subfield code="a">Et di nuouo riueduta et corretta</subfield>
  </datafield>
  <datafield tag="210" ind1=" " ind2=" ">
    <subfield code="a">In Venetia</subfield>
    <subfield code="c">appresso Giouanni Griffio</subfield>
    <subfield code="d">1597</subfield>
  </datafield>
  <datafield tag="215" ind1=" " ind2=" ">
    <subfield code="a">\8!, 444 c.</subfield>
    <subfield code="d"></subfield>
  </datafield>
  <datafield tag="700" ind1=" " ind2="1">
    <subfield code="a">Mexa̕,</subfield>
    <subfield code="b">Pedro</subfield>
    <subfield code="3">IT\ICCU\CNCA\006982</subfield>
  </datafield>
  <datafield tag="702" ind1=" " ind2="1">
    <subfield code="a">Sansovino,</subfield>
    <subfield code="b">Francesco</subfield>
    <subfield code="3">IT\ICCU\CNCA\000140</subfield>
  </datafield>
  <datafield tag="790" ind1=" " ind2="1">
    <subfield code="a">Mejia,</subfield>
    <subfield code="b">Pedro : de</subfield>
    <subfield code="3">IT\ICCU\CNCA\017314</subfield>
    <subfield code="z">Mexa̕, Pedro</subfield>
  </datafield>
  <datafield tag="790" ind1=" " ind2="1">
    <subfield code="a">Messia,</subfield>
    <subfield code="b">Pietro</subfield>
    <subfield code="3">IT\ICCU\CNCA\020682</subfield>
    <subfield code="z">Mexa̕, Pedro</subfield>
  </datafield>
  <datafield tag="790" ind1=" " ind2="1">
    <subfield code="a">Tatti,</subfield>
    <subfield code="b">Giovanni</subfield>
    <subfield code="3">IT\ICCU\CNCA\018531</subfield>
    <subfield code="z">Sansovino, Francesco</subfield>
  </datafield>
  <datafield tag="790" ind1=" " ind2="1">
    <subfield code="a">Guisconi,</subfield>
    <subfield code="b">Anselmo</subfield>
    <subfield code="3">IT\ICCU\CNCA\026417</subfield>
    <subfield code="z">Sansovino, Francesco</subfield>
  </datafield>
  <datafield tag="801" ind1=" " ind2="3">
    <subfield code="a">IT</subfield>
    <subfield code="b">ICCU</subfield>
    <subfield code="c">20201115</subfield>
  </datafield>
  <datafield tag="899" ind1=" " ind2=" ">
    <subfield code="a">Biblioteca civica. Fossano</subfield>
    <subfield code="1">CN0049</subfield>
    <subfield code="2">TO0 52</subfield>
  </datafield>
  <datafield tag="899" ind1=" " ind2=" ">
    <subfield code="a">Biblioteca della Fondazione Luigi Firpo. Centro di studi sul pensiero politico. Torino</subfield>
    <subfield code="1">TO0469</subfield>
    <subfield code="2">TO0 18</subfield>
  </datafield>
</record>
</collection>
